<mx:record xmlns="http://www.w3.org/TR/xhtml1/strict" xmlns:mx="http://www.loc.gov/MARC21/slim" xmlns:xsi="http://www.w3.org/2001/XMLSchema-instance"><mx:leader>00000cz  a2200000n  45 0</mx:leader><mx:controlfield tag="001">oca01388905 </mx:controlfield><mx:controlfield tag="005">19890511132208.7</mx:controlfield><mx:controlfield tag="008">850731n| acannaab|          |a aaa      </mx:controlfield><mx:datafield ind1=" " ind2=" " tag="010"><mx:subfield code="a">n  85811814</mx:subfield></mx:datafield><mx:datafield ind1=" " ind2=" " tag="040"><mx:subfield code="a">DLC</mx:subfield><mx:subfield code="c">DLC</mx:subfield><mx:subfield code="d">ICU</mx:subfield><mx:subfield code="d">NjP</mx:subfield><mx:subfield code="d">ICU</mx:subfield></mx:datafield><mx:datafield ind1="0" ind2=" " tag="100"><mx:subfield code="a">Alexander,</mx:subfield><mx:subfield code="c">of Tralles,</mx:subfield><mx:subfield code="d">ca. 525-ca. 605</mx:subfield></mx:datafield><mx:datafield ind1="0" ind2=" " tag="400"><mx:subfield code="a">Alexandrus,</mx:subfield><mx:subfield code="c">Trallianus,</mx:subfield><mx:subfield code="d">ca. 525-ca. 605</mx:subfield></mx:datafield><mx:datafield ind1="1" ind2=" " tag="400"><mx:subfield code="a">Trallianus, Alexandrus,</mx:subfield><mx:subfield code="d">ca. 525-ca. 605</mx:subfield></mx:datafield><mx:datafield ind1="1" ind2=" " tag="400"><mx:subfield code="a">Trallian, Alexander,</mx:subfield><mx:subfield code="d">ca. 525-ca. 605</mx:subfield></mx:datafield><mx:datafield ind1="0" ind2=" " tag="400"><mx:subfield code="a">Alexander Trallian,</mx:subfield><mx:subfield code="d">ca. 525-ca. 605</mx:subfield></mx:datafield><mx:datafield ind1="1" ind2=" " tag="400"><mx:subfield code="a">Tralles, Alexander of,</mx:subfield><mx:subfield code="d">ca. 525-ca. 605</mx:subfield></mx:datafield><mx:datafield ind1="0" ind2=" " tag="400"><mx:subfield code="a">Alexander Trallianus,</mx:subfield><mx:subfield code="d">6th cent.</mx:subfield><mx:subfield code="w">nnaa</mx:subfield></mx:datafield><mx:datafield ind1=" " ind2=" " tag="670"><mx:subfield code="a">nuc85-43825: His Alexandri Trall. med. Lib. duo. [MI] 1576</mx:subfield><mx:subfield code="b">(hdg. on Readex rept.: Alexander Trallianus, 6th cent.; usage: Alexandri Tralliani)</mx:subfield></mx:datafield><mx:datafield ind1=" " ind2=" " tag="670"><mx:subfield code="a">Milward, E. Trallianus reviviscens, 1734:</mx:subfield><mx:subfield code="b">t.p. (Alexander Trallian)</mx:subfield></mx:datafield><mx:datafield ind1=" " ind2=" " tag="670"><mx:subfield code="a">Enc. Brit., 15th ed.</mx:subfield><mx:subfield code="b">(Alexander of Tralles, or Alexander Trallianus, ca. 525-ca. 605; Byzantine physician who practiced and taught in Rome)</mx:subfield></mx:datafield><mx:datafield ind1=" " ind2=" " tag="670"><mx:subfield code="a">Dict. sci. biog.</mx:subfield><mx:subfield code="b">(Alexander of Tralles, b. 1st half 6th cent., fl. time of Justinian)</mx:subfield></mx:datafield><mx:datafield ind1=" " ind2=" " tag="670"><mx:subfield code="a">Mantinband, J.H. Concise dict. Grk. lit.</mx:subfield><mx:subfield code="b">(Alexander of Tralles, Byzantine physician, 525-605)</mx:subfield></mx:datafield><mx:datafield ind1=" " ind2=" " tag="670"><mx:subfield code="a">LC data base, 5-11-89</mx:subfield><mx:subfield code="b">(hdg.: Alexander, of Tralles, ca. 525-ca. 605; Alexander Trallianus, 6th cent.)</mx:subfield></mx:datafield><mx:datafield ind1=" " ind2=" " tag="999"><mx:subfield code="a">5984</mx:subfield></mx:datafield></mx:record>